@article{how_to_code_in_latex,
    author      = {Ed Eden-Rump},
    journal     = {Eden Coding},
    title       = {How to apply MVC in JavaFX},
    year        = {2021},
    month       = {Juillet},
    note        = {\url{https://edencoding.com/mvc-in-javafx/}}
}